<record><leader>00000cas a22000007a 4500</leader><controlfield tag="001">41886834</controlfield><controlfield tag="008">990716d19191949ncucr ne      0    0eng d</controlfield><datafield ind1=" " ind2=" " tag="010"><subfield code="a">sn 97064505 </subfield></datafield><datafield ind1=" " ind2=" " tag="040"><subfield code="a">NVJ</subfield><subfield code="b">eng</subfield><subfield code="c">NVJ</subfield><subfield code="d">OCLCQ</subfield><subfield code="d">OCLCF</subfield><subfield code="d">OCLCO</subfield></datafield><datafield ind1=" " ind2=" " tag="042"><subfield code="a">msc</subfield></datafield><datafield ind1="0" ind2="4" tag="245"><subfield code="a">The messenger and intelligencer and Ansonian.</subfield></datafield><datafield ind1=" " ind2=" " tag="260"><subfield code="a">Wadesboro, N.C. :</subfield><subfield code="b">James G. Boylin</subfield></datafield><datafield ind1=" " ind2=" " tag="300"><subfield code="a">v.</subfield></datafield><datafield ind1=" " ind2=" " tag="310"><subfield code="a">Semiweekly,</subfield><subfield code="b">Aug. 2, 1949-Sept. 13, 1949</subfield></datafield><datafield ind1=" " ind2=" " tag="321"><subfield code="a">Weekly,</subfield><subfield code="b">Nov. 27, 1919-July 28, 1949</subfield></datafield><datafield ind1="0" ind2=" " tag="362"><subfield code="a">Vol. 39, no. 50 (Nov. 27, 1919)-v. 69, no. 3 (Sept. 13, 1949).</subfield></datafield><datafield ind1=" " ind2="0" tag="651"><subfield code="a">Wadesboro (N.C.)</subfield><subfield code="v">Newspapers.</subfield></datafield><datafield ind1=" " ind2="0" tag="651"><subfield code="a">Anson County (N.C.)</subfield><subfield code="v">Newspapers.</subfield></datafield><datafield ind1=" " ind2="7" tag="655"><subfield code="a">Newspapers.</subfield><subfield code="2">fast</subfield><subfield code="0">(OCoLC)fst01423814</subfield></datafield><datafield ind1=" " ind2="7" tag="651"><subfield code="a">North Carolina</subfield><subfield code="z">Anson County.</subfield><subfield code="2">fast</subfield><subfield code="0">(OCoLC)fst01208037</subfield></datafield><datafield ind1=" " ind2="7" tag="651"><subfield code="a">North Carolina</subfield><subfield code="z">Wadesboro.</subfield><subfield code="2">fast</subfield><subfield code="0">(OCoLC)fst01224112</subfield></datafield><datafield ind1=" " ind2=" " tag="752"><subfield code="a">United States</subfield><subfield code="b">North Carolina</subfield><subfield code="c">Anson</subfield><subfield code="d">Wadesboro.</subfield></datafield><datafield ind1="0" ind2="4" tag="780"><subfield code="t">Messenger and intelligencer</subfield><subfield code="w">(DLC)sn 88084143</subfield></datafield><datafield ind1="0" ind2="4" tag="780"><subfield code="t">Wadesboro Ansonian</subfield><subfield code="w">(DLC)sn 99061528</subfield></datafield><datafield ind1="0" ind2="5" tag="780"><subfield code="t">Wadesboro courier</subfield><subfield code="w">(DLC)sn 92073992</subfield></datafield><datafield ind1="0" ind2="5" tag="780"><subfield code="t">Anson news</subfield><subfield code="w">(DLC)sn 97064604</subfield></datafield><datafield ind1="0" ind2="0" tag="785"><subfield code="t">Messenger and intelligencer (Wadesboro, N.C. : 1949)</subfield><subfield code="w">(DLC)sn 97064506</subfield></datafield></record>